<record xmlns="http://www.loc.gov/MARC21/slim" xmlns:xsi="http://www.w3.org/2001/XMLSchema-instance" xsi:schemaLocation="http://www.loc.gov/MARC21/slim http://www.loc.gov/standards/marcxml/schema/MARC21slim.xsd"><leader>     nam a22        4500</leader><controlfield tag="001">3082676</controlfield><controlfield tag="003">NNC</controlfield><controlfield tag="006">m        d        </controlfield><controlfield tag="007">cr cn |||m|||a</controlfield><controlfield tag="008">150316s1961    iq      o     000 0 ararc</controlfield><datafield ind1=" " ind2=" " tag="040"><subfield code="a">NNU</subfield><subfield code="b">eng</subfield><subfield code="e">rda</subfield><subfield code="c">NNU</subfield></datafield><datafield ind1="0" ind2="0" tag="050"><subfield code="a">BP136.48</subfield><subfield code="b">.I18 1961</subfield></datafield><datafield ind1=" " ind2="4" tag="050"><subfield code="a">PJ7803.I212</subfield><subfield code="b">R5 1961</subfield></datafield><datafield ind1="1" ind2=" " tag="100"><subfield code="6">880-01</subfield><subfield code="a">Ibn al-Mut&#803;ahhar al-H&#803;illi&#772;, al-H&#803;asan ibn Yu&#772;suf,</subfield><subfield code="d">1250-1325.</subfield></datafield><datafield ind1="1" ind2="0" tag="245"><subfield code="6">880-02</subfield><subfield code="a">Rija&#772;l al-&#699;Alla&#772;mah al-H&#803;illi&#772; /</subfield><subfield code="c">ta&#700;li&#772;f al-H&#803;asan ibn Yu&#772;suf ibn &#699;Ali&#772; ibn al-Mut&#803;ahhar al-H&#803;illi&#772; al-ma&#699;ru&#772;f bi-al-&#699;Alla&#772;mah; mus&#803;ah&#803;h&#803;ah&#803;ah &#699;ala&#769; nuskhat Muh&#803;ammad S&#803;a&#772;diq Bah&#803;r al-&#699;Ulu&#772;m.</subfield></datafield><datafield ind1="1" ind2=" " tag="246"><subfield code="6">880-03</subfield><subfield code="i">Title on p. [3]:</subfield><subfield code="a">Khula&#772;s&#803;at al-aqwa&#772;l fi&#772; ma&#699;rifat al-rija&#772;l</subfield></datafield><datafield ind1=" " ind2=" " tag="250"><subfield code="6">880-04</subfield><subfield code="a">al-T&#803;ab&#699;ah 2, wa-fi&#772;ha&#772; ziya&#772;da&#772;t muhimmah &#699;ala&#772; al-&#700;u&#772;la&#769;.</subfield></datafield><datafield ind1=" " ind2=" " tag="260"><subfield code="6">880-05</subfield><subfield code="a">al-Najaf :</subfield><subfield code="b">al-Mat&#803;ba&#699;ah al-H&#803;aydari&#772;yah,</subfield><subfield code="c">1381 [1961]</subfield></datafield><datafield ind1=" " ind2=" " tag="300"><subfield code="a">online resource (40, 296 pages)</subfield></datafield><datafield ind1=" " ind2=" " tag="336"><subfield code="a">text</subfield><subfield code="2">rdacontent</subfield></datafield><datafield ind1=" " ind2=" " tag="337"><subfield code="a">computer</subfield><subfield code="2">rdamedia</subfield></datafield><datafield ind1=" " ind2=" " tag="338"><subfield code="a">online resource</subfield><subfield code="2">rdacarrier</subfield></datafield><datafield ind1=" " ind2=" " tag="500"><subfield code="a">Title, p. 3 of text: Khula&#772;s&#803;at al-aqwa&#772;l fi&#772; ma&#699;rifat al-rija&#772;l.</subfield></datafield><datafield ind1=" " ind2=" " tag="500"><subfield code="a">Part of the Arabic Collections Online (ACO) project, contributed by Columbia University Libraries.</subfield></datafield><datafield ind1=" " ind2=" " tag="533"><subfield code="a">Electronic reproduction.</subfield><subfield code="b">New York, N.Y. :</subfield><subfield code="c">New York University,</subfield><subfield code="d">2015.</subfield><subfield code="5">NNU</subfield></datafield><datafield ind1=" " ind2="0" tag="650"><subfield code="a">Hadith</subfield><subfield code="x">Authorities.</subfield></datafield><datafield ind1=" " ind2="7" tag="650"><subfield code="a">Hadith</subfield><subfield code="x">Authorities.</subfield><subfield code="2">fast</subfield><subfield code="0">(OCoLC)fst00950115</subfield></datafield><datafield ind1="1" ind2=" " tag="700"><subfield code="6">880-06</subfield><subfield code="a">Bah&#803;r al-&#699;Ulu&#772;m, Muh&#803;ammad S&#803;a&#772;diq.</subfield></datafield><datafield ind1="2" ind2=" " tag="710"><subfield code="a">Columbia University.</subfield><subfield code="b">Libraries.</subfield></datafield><datafield ind1="0" ind2=" " tag="730"><subfield code="a">Arabic Collections Online.</subfield></datafield><datafield ind1="0" ind2="8" tag="776"><subfield code="i">Online version:</subfield><subfield code="a">Ibn al-Mut&#803;ahhar al-H&#803;illi&#772;, al-H&#803;asan ibn Yu&#772;suf, 1250-1325.</subfield><subfield code="t">Rija&#772;l al-&#699;Alla&#772;mah al-H&#803;illi&#772;.</subfield><subfield code="b">al-T&#803;ab&#699;ah 2, wa-fi&#772;ha&#772; ziya&#772;da&#772;t muhimmah &#699;ala&#772; al-&#700;u&#772;la&#769;.</subfield><subfield code="d">al-Najaf : al-Mat&#803;ba&#699;ah al-H&#803;aydari&#772;yah, 1381 [1961]</subfield><subfield code="w">(OCoLC)608873938</subfield></datafield><datafield ind1="0" ind2="8" tag="776"><subfield code="i">Print version:</subfield><subfield code="a">Ibn al-Mut&#803;ahhar al-H&#803;illi&#772;, al-H&#803;asan ibn Yu&#772;suf, 1250-1325.</subfield><subfield code="t">Rija&#772;l al-&#699;Alla&#772;mah al-H&#803;illi&#772;</subfield><subfield code="w">(NNC)3082676</subfield><subfield code="w">(DLC)ne 63000902 </subfield><subfield code="w">(OCoLC)30507019</subfield></datafield><datafield ind1="4" ind2="0" tag="856"><subfield code="u">http://hdl.handle.net/2333.1/bvq83dvc</subfield></datafield><datafield ind1="1" ind2=" " tag="880"><subfield code="6">100-01/r</subfield><subfield code="a">&#1573;&#1576;&#1606; &#1575;&#1604;&#1605;&#1591;&#1607;&#1585; &#1575;&#1604;&#1581;&#1604;&#1610;&#1548; &#1575;&#1604;&#1581;&#1587;&#1606; &#1576;&#1606; &#1610;&#1608;&#1587;&#1601;.</subfield></datafield><datafield ind1="1" ind2="0" tag="880"><subfield code="6">245-02/r</subfield><subfield code="a">&#1585;&#1580;&#1575;&#1604; &#1575;&#1604;&#1593;&#1604;&#1575;&#1605;&#1577; &#1575;&#1604;&#1581;&#1604;&#1610; /</subfield><subfield code="c">&#1578;&#1571;&#1604;&#1610;&#1601; &#1575;&#1604;&#1581;&#1587;&#1606; &#1576;&#1606; &#1610;&#1608;&#1587;&#1601; &#1576;&#1606; &#1593;&#1604;&#1610; &#1576;&#1606; &#1575;&#1604;&#1605;&#1591;&#1607;&#1585; &#1575;&#1604;&#1581;&#1604;&#1610; &#1575;&#1604;&#1605;&#1593;&#1585;&#1608;&#1601; &#1576;&#1575;&#1604;&#1593;&#1604;&#1575;&#1605;&#1607; &#1563; &#1605;&#1589;&#1581;&#1581;&#1577; &#1593;&#1604;&#1609; &#1606;&#1587;&#1582;&#1577; &#1605;&#1581;&#1605;&#1583; &#1589;&#1575;&#1583;&#1602; &#1576;&#1581;&#1585; &#1575;&#1604;&#1593;&#1604;&#1608;&#1605;.</subfield></datafield><datafield ind1="1" ind2=" " tag="880"><subfield code="6">246-03/r</subfield><subfield code="i">Title on p. [3]:</subfield><subfield code="a">&#1582;&#1604;&#1575;&#1589;&#1577; &#1575;&#1604;&#1575;&#1602;&#1608;&#1575;&#1604; &#1601;&#1610; &#1605;&#1593;&#1585;&#1601;&#1577; &#1575;&#1604;&#1585;&#1580;&#1575;&#1604;</subfield></datafield><datafield ind1=" " ind2=" " tag="880"><subfield code="6">250-04/r</subfield><subfield code="a">&#1575;&#1604;&#1591;&#1576;&#1593;&#1577; 2&#1548; &#1608;&#1601;&#1610;&#1607;&#1575; &#1586;&#1610;&#1575;&#1583;&#1575;&#1578; &#1605;&#1607;&#1605;&#1577; &#1593;&#1604;&#1609; &#1575;&#1604;&#1571;&#1608;&#1604;&#1609;.</subfield></datafield><datafield ind1=" " ind2=" " tag="880"><subfield code="6">260-05/r</subfield><subfield code="a">&#1575;&#1604;&#1606;&#1580;&#1601; :</subfield><subfield code="b">&#1575;&#1604;&#1605;&#1591;&#1576;&#1593;&#1577; &#1575;&#1604;&#1581;&#1610;&#1583;&#1585;&#1610;&#1577;&#1548;</subfield><subfield code="c">1381 [1961]</subfield></datafield><datafield ind1="1" ind2=" " tag="880"><subfield code="6">700-06/r</subfield><subfield code="a">&#1576;&#1581;&#1585; &#1575;&#1604;&#1593;&#1604;&#1608;&#1605;&#1548; &#1605;&#1581;&#1605;&#1583; &#1589;&#1575;&#1583;&#1602;.</subfield></datafield><datafield ind1=" " ind2=" " tag="959"><subfield code="a">NNU</subfield><subfield code="b">WEB</subfield><subfield code="c">GENI</subfield><subfield code="t">0</subfield><subfield code="m">Electronic access</subfield><subfield code="s">01</subfield></datafield><datafield ind1=" " ind2=" " tag="999"><subfield code="i">NNC_3082676</subfield><subfield code="o">(OCoLC)ocm30507019 </subfield><subfield code="s">columbia_aco000231</subfield></datafield></record>